<record><leader>00000cas a2200000 a 4500</leader><controlfield tag="001">29899641</controlfield><controlfield tag="007">hd afu---baca</controlfield><controlfield tag="007">hd bfu---baba</controlfield><controlfield tag="008">940303d19021971paumr nea     0    0rus c</controlfield><datafield ind1=" " ind2=" " tag="010"><subfield code="a">sn 94021246 </subfield></datafield><datafield ind1=" " ind2=" " tag="040"><subfield code="a">CRL</subfield><subfield code="b">eng</subfield><subfield code="c">CRL</subfield><subfield code="d">OCLCQ</subfield><subfield code="d">OCLCF</subfield><subfield code="d">OCLCO</subfield><subfield code="d">OCLCQ</subfield></datafield><datafield ind1=" " ind2=" " tag="012"><subfield code="i">9403</subfield></datafield><datafield ind1=" " ind2=" " tag="037"><subfield code="b">Microform Sales, The Center for Research Libraries, 6050 S. Kenwood Ave., Chicago, IL 60637</subfield></datafield><datafield ind1="0" ind2=" " tag="041"><subfield code="a">ukr</subfield><subfield code="a">eng</subfield></datafield><datafield ind1=" " ind2=" " tag="042"><subfield code="a">pcc</subfield></datafield><datafield ind1=" " ind2=" " tag="043"><subfield code="a">n-us---</subfield></datafield><datafield ind1="0" ind2=" " tag="130"><subfield code="a">Pravda (New York, N.Y.)</subfield></datafield><datafield ind1="1" ind2="0" tag="245"><subfield code="a">Pravda.</subfield></datafield><datafield ind1="3" ind2="0" tag="246"><subfield code="a">Truth</subfield></datafield><datafield ind1=" " ind2=" " tag="260"><subfield code="a">New York, N.Y. :</subfield><subfield code="b">Pravda Pub. Co.</subfield></datafield><datafield ind1=" " ind2=" " tag="300"><subfield code="a">volumes :</subfield><subfield code="b">illustrations ;</subfield><subfield code="c">50-56 cm</subfield></datafield><datafield ind1=" " ind2=" " tag="310"><subfield code="a">Monthly,</subfield><subfield code="b">Jan. 1968-Feb. 1971</subfield></datafield><datafield ind1=" " ind2=" " tag="321"><subfield code="a">Weekly,</subfield><subfield code="b">&lt;1902&gt;-July 1914</subfield></datafield><datafield ind1=" " ind2=" " tag="321"><subfield code="a">Semiweekly,</subfield><subfield code="b">Aug. 1914-Feb. 11, 1944</subfield></datafield><datafield ind1=" " ind2=" " tag="321"><subfield code="a">Weekly,</subfield><subfield code="b">Feb. 18, 1944-Nov. 3, 1965</subfield></datafield><datafield ind1=" " ind2=" " tag="321"><subfield code="a">Biweekly,</subfield><subfield code="b">Nov. 17, 1965-&lt;Nov. 15, 1967&gt;</subfield></datafield><datafield ind1=" " ind2=" " tag="336"><subfield code="a">text</subfield><subfield code="b">txt</subfield><subfield code="2">rdacontent</subfield></datafield><datafield ind1=" " ind2=" " tag="337"><subfield code="a">microform</subfield><subfield code="b">h</subfield><subfield code="2">rdamedia</subfield></datafield><datafield ind1=" " ind2=" " tag="338"><subfield code="a">microfilm reel</subfield><subfield code="b">hd</subfield><subfield code="2">rdacarrier</subfield></datafield><datafield ind1="1" ind2=" " tag="362"><subfield code="a">Began in 1902.</subfield><subfield code="z">Cf. Gregory, W. Amer. newspapers.</subfield></datafield><datafield ind1="0" ind2=" " tag="362"><subfield code="a">-v. 69, no. 2 (Feb. 1971).</subfield></datafield><datafield ind1=" " ind2=" " tag="500"><subfield code="a">"Gazeta dli&#65056;a&#65057; russkogo naroda v Spoluchenykh Derzhavakh i Kanadi&#65056;e&#65057; i organ 'Obshchestva Russkikh Bratstv'."</subfield></datafield><datafield ind1=" " ind2=" " tag="500"><subfield code="a">Most of the issues have a parallel title: Truth; beginning with Feb. 1968 the title reversed with Pravda becoming a parallel title.</subfield></datafield><datafield ind1=" " ind2=" " tag="500"><subfield code="a">Published in: Olyphant, Pa. May 17, 1906-&lt;Nov. 10, 1922&gt;; in Philadelphia, Pa., &lt;Jan. 5, 1923&gt;.</subfield></datafield><datafield ind1=" " ind2=" " tag="500"><subfield code="a">Master negative held by the Center for Research Libraries.</subfield></datafield><datafield ind1=" " ind2=" " tag="546"><subfield code="a">In Carpatho-Ruthenian (Ukrainian) and English.</subfield></datafield><datafield ind1=" " ind2=" " tag="550"><subfield code="a">"Organ of the Russian Brotherhood Organization of America," Jan. 2, 1908-</subfield></datafield><datafield ind1=" " ind2=" " tag="588"><subfield code="a">Description based on: God 2, chis. 2 (Jan. 15, 1903).</subfield></datafield><datafield ind1=" " ind2=" " tag="533"><subfield code="a">Microfilm.</subfield><subfield code="m">Dec. 4,1917-Dec. 26,1951:[Gaps]</subfield><subfield code="b">Chicago, Ill. :</subfield><subfield code="c">[Filmed for the] Carpatho-Ruthenian Project [at the Center for Research Libraries by] University of Chicago Library Photoduplication Dept.,</subfield><subfield code="d">[19--].</subfield><subfield code="e">16 microfilm reels ; 35 mm.</subfield></datafield><datafield ind1=" " ind2="0" tag="650"><subfield code="a">Ruthenians</subfield><subfield code="z">United States</subfield><subfield code="v">Newspapers.</subfield></datafield><datafield ind1=" " ind2="7" tag="650"><subfield code="a">Ruthenians.</subfield><subfield code="2">fast</subfield><subfield code="0">(OCoLC)fst01102572</subfield></datafield><datafield ind1=" " ind2="7" tag="651"><subfield code="a">United States.</subfield><subfield code="2">fast</subfield><subfield code="0">(OCoLC)fst01204155</subfield></datafield><datafield ind1=" " ind2="7" tag="655"><subfield code="a">Newspapers.</subfield><subfield code="2">fast</subfield><subfield code="0">(OCoLC)fst01423814</subfield></datafield><datafield ind1="2" ind2=" " tag="710"><subfield code="a">Russian Brotherhood Organization of the U.S.A.</subfield></datafield><datafield ind1=" " ind2=" " tag="752"><subfield code="a">United States</subfield><subfield code="b">New York</subfield><subfield code="c">New York</subfield><subfield code="d">New York.</subfield></datafield><datafield ind1=" " ind2=" " tag="752"><subfield code="a">United States</subfield><subfield code="b">Pennsylvania</subfield><subfield code="c">Lackawanna</subfield><subfield code="d">Olyphant.</subfield></datafield><datafield ind1=" " ind2=" " tag="752"><subfield code="a">United States</subfield><subfield code="b">Pennsylvania</subfield><subfield code="c">Philadelphia</subfield><subfield code="d">Philadelphia.</subfield></datafield><datafield ind1="1" ind2=" " tag="776"><subfield code="c">Original</subfield><subfield code="w">(DLC)sn 86072019</subfield><subfield code="w">(OCoLC)9447225</subfield></datafield><datafield ind1="0" ind2="0" tag="785"><subfield code="t">Truth (New York, N.Y. : 1971)</subfield></datafield><datafield ind1=" " ind2=" " tag="850"><subfield code="a">ICRL</subfield></datafield><datafield ind1="1" ind2=" " tag="029"><subfield code="a">AU@</subfield><subfield code="b">000025858729</subfield></datafield></record>